@article{1_Montanaro_2017,
  author={Ashley Montanaro},
  title={Quantum circuits and low-degree polynomials over {${{\mathbb{F}}_\mathsf{2}}$}},
  journal={Journal of Physics A: Mathematical and Theoretical},
  volume={50},
  number={8},
  pages={084002},
  url={http://stacks.iop.org/1751-8121/50/i=8/a=084002},
  year={2017},
  abstract={}
}

@article {2_Bremner_2010,
	author = {Bremner, Michael J. and Jozsa, Richard and Shepherd, Dan J.},
	title = {Classical simulation of commuting quantum computations implies collapse of the polynomial hierarchy},
	year = {2010},
	doi = {10.1098/rspa.2010.0301},
	publisher = {The Royal Society},
	abstract = {},
	issn = {1364-5021},
	URL = {http://rspa.royalsocietypublishing.org/content/early/2010/08/05/rspa.2010.0301},
	eprint = {http://rspa.royalsocietypublishing.org/content/early/2010/08/05/rspa.2010.0301.full.pdf},
	journal = {Proceedings of the Royal Society of London A: Mathematical, Physical and Engineering Sciences}
}

@article{3_Amy_2016,
	author    = {Matthew Amy and Michele Mosca},
	title     = {T-count optimization and {Reed}-{Muller} codes},
	journal   = {arXiv},
	volume   = {arXiv:1601.07363v1 [quant-ph]},
	year      = {2016}
}

@article{4_Campbell_2017,
	author    = "Earl T Campbell and Mark Howard",
	title     = "{Unified framework for magic state distillation and multiqubit gate synthesis
	with reduced resource cost}",
	journal   = "Phys. Rev. A",
	volume   = "95",
	number   = "022316",	
	year      = "2017"
}

@ARTICLE{5_Amy_2013, 
	author={M. Amy and D. Maslov and M. Mosca and M. Roetteler}, 
	journal={IEEE Transactions on Computer-Aided Design of Integrated Circuits and Systems}, 
	title={A Meet-in-the-Middle Algorithm for Fast Synthesis of Depth-Optimal Quantum Circuits}, 
	year={2013}, 
	volume={32}, 
	number={6}, 
	pages={818-830}, 
	keywords={logic circuits;logic design;quantum gates;Clifford gates;Clifford+T set;T gates;Toffoli gate;brute force algorithms;depth-optimal decompositions;depth-optimal quantum circuit fast synthesis;elementary gates;meet-in-the-middle algorithm;quantum logical operations;Approximation algorithms;Fault tolerance;Fault tolerant systems;Force;Logic gates;Quantum computing;Silicon;Brute force search;meet-in-the-middle;quantum circuit optimization;quantum circuit synthesis}, 
	doi={10.1109/TCAD.2013.2244643}, 
	ISSN={0278-0070}, 
	month={June},}
	
@ARTICLE{6_Amy_2013, 
	author={M. Amy and D. Maslov and M. Mosca}, 
	journal={IEEE Transactions on Computer-Aided Design of Integrated Circuits and Systems}, 
	title="Polynomial-Time {T}-Depth Optimization of {Clifford}+{T} Circuits Via Matroid Partitioning", 
	year={2014}, 
	volume={33}, 
	number={10}, 
	pages={1476-1489}, 
	keywords={circuit complexity;circuit optimisation;fault tolerance;logic circuits;logic design;quantum gates;Clifford group;Clifford+T circuits;Steane codes;T gates;T-count minimization;fault-tolerant logical gates;matroid partitioning;polynomial-time algorithm;polynomial-time t-depth optimization;quantum circuit optimization;quantum circuit resynthesis;quantum fault-tolerance model;space-time trade-offs;surface codes;Boolean functions;Fault tolerance;Fault tolerant systems;Integrated circuit modeling;Logic gates;Quantum computing;Vectors;Circuit optimization;Clifford+T;circuit synthesis;matroid partitioning;quantum circuits;sum over paths}, 
	doi={10.1109/TCAD.2014.2341953}, 
	ISSN={0278-0070}, 
	month={Oct},}
	
@article{7_Reed_1954,
	author    = "Irving S Reed",
	title     = "A class of multiple-error-correcting codes and the decoding scheme",
	journal   = "Transactions of the IRE Professional Group on Information Theory",
	volume   = "4",
	number   = "4",
	pages    = "38-49",
	year      = "1954",
}

@article{8_Lempel_1975,
	author    = "Abraham Lempel",
	title     = "Matrix Factorization Over {GF(2)} and Trace-Orthogonal Bases of {GF(2)}",
	journal   = "SIAM J. Comput.",
	year      = "1975",
	volume   = "4",
	number   = "2",
}

@article{41_soeken,
	author    = "Mathias Soeken and Martin Roetteler and Nathan Wiebe and Giovanni De Micheli",
	title     = "Logic Synthesis for Quantum Computing",
	journal   = "arXiv preprint",
	volume   = "arXiv:1706.02721",
	year      = "2017"
}